<?xml version="1.0" encoding="UTF-8"?><collection xmlns="http://www.loc.gov/MARC21/slim"><record><leader>00427nam--2200133-i-4500</leader><controlfield tag="001">000017266</controlfield><controlfield tag="002">20161230</controlfield><controlfield tag="005">20161230201032</controlfield><controlfield tag="008">060222s1000------------r-----000-0-eng-d</controlfield><datafield ind1=" " ind2=" " tag="080"><subfield code="a">519.688:538.97</subfield></datafield><datafield ind1=" " ind2=" " tag="100"><subfield code="a">Baumann, G., Janosi, I.M.And Wolf, D.E</subfield></datafield><datafield ind1=" " ind2=" " tag="245"><subfield code="a">Surface properties and flow of granular material in a two-dimensional rotating drum moedl</subfield></datafield><datafield ind1=" " ind2=" " tag="260"><subfield code="a">Desy, Hochstleinsturngsrechenzentrum, 1994 15 P</subfield></datafield><datafield ind1=" " ind2=" " tag="852"><subfield code="a">80240</subfield></datafield></record></collection>